@book{python,
        author       = {Sebastian Raschka},
        title        = {Python Machine Learning},
        year         = {2015},
        publisher    = {Packt Publishing}
}
@book{ethem,
 author              = {Alpaydin, Ethem},
 title               = {Introduction to Machine Learning},
 year                = {2010},
 edition             = {2nd},
 publisher           = {The MIT Press},
} 
@mastersthesis{memes,
author               = {Albert Manuel Orozco Camacho},
title                = {Generación automática de memes de Internet a través de una red neuronal profunda},
school               = {Universidad Nacional Autónoma de México},
year                 = {2018}
}
@book{rosenblatt,
  title              = {The Perceptron, a Perceiving and Recognizing Automaton Project Para},
  author             = {Rosenblatt, F.},
  series             = {Report: Cornell Aeronautical Laboratory},
  year               = {1957},
  publisher          = {Cornell Aeronautical Laboratory}
}
@article{mcp,
author               = {McCulloch, Warren S. and Pitts, Walter},
title                = {A logical calculus of the ideas immanent in nervous activity},
journal              = {The bulletin of mathematical biophysics},
date                 = {1943},
month                = {December},
}

@book{modern,
        author       = {Stuart Russell and Peter Norvig},
        title        = {Artificial Intelligence: a modern approach},
        year         = {2010},
        publisher    = {Prentice Hall},
        edition      = {3}
}
@article{dossantos,
	author       = {Janaina Cruz Pereira and Ernesto Raúl Caffarena and Cicero Nogueira dos Santos},
	title        = {Boosting docking-based virtual screening with deep learning},
	journal      = {Journal of chemical information and modeling},
	date         = {2016},
	month        = {November}
}
@article{arciniega,
        author       = {Marcelino Arciniega and Oliver F. Lange},
	title        = {Improvement of virtual screening results by docking data feature analysis},
	journal      = {Journal of chemical information and modeling},
	date         = {2014},
        month        = {May}
}